<?xml version="1.0" encoding="UTF-8"?><collection xmlns="http://www.loc.gov/MARC21/slim"><record><leader>00565nam--2200193-u-4500</leader><controlfield tag="001">000053037</controlfield><controlfield tag="002">20161230</controlfield><controlfield tag="005">20161230201050</controlfield><controlfield tag="008">110103s1000------------r-----000-0-eng-d</controlfield><datafield ind1=" " ind2=" " tag="020"><subfield code="a">0442256701</subfield></datafield><datafield ind1=" " ind2=" " tag="040"><subfield code="a">IFIN-HH</subfield></datafield><datafield ind1=" " ind2=" " tag="080"><subfield code="a">537.533.35:57</subfield></datafield><datafield ind1="1" ind2=" " tag="100"><subfield code="a">Hayat, M.A</subfield></datafield><datafield ind1="1" ind2="0" tag="245"><subfield code="a">Principles and techniiques of electron microscopy</subfield><subfield code="b">Biological applications volume 2</subfield><subfield code="c">M.a. hayat</subfield></datafield><datafield ind1=" " ind2=" " tag="260"><subfield code="a">MELBOURNE</subfield><subfield code="b">Van Nostrand Reinhold Company</subfield><subfield code="c">1972</subfield></datafield><datafield ind1=" " ind2=" " tag="300"><subfield code="a">286P</subfield></datafield><datafield ind1=" " ind2="4" tag="650"><subfield code="a">Biological Applications</subfield></datafield><datafield ind1=" " ind2=" " tag="852"><subfield code="a">81228</subfield><subfield code="c">537.533.35</subfield></datafield><datafield ind1=" " ind2=" " tag="CAT"><subfield code="a">Sys</subfield><subfield code="c">20110916</subfield><subfield code="h">125710</subfield></datafield></record></collection>